
% Journals

% First the Full Name is given, then the abbreviation used in the AMS Math
% Reviews, with an indication if it could not be found there.
% Note the 2nd overwrites the 1st, so swap them if you want the full name.

 %{AMS}
 @String{AMSTrans = "American Mathematical Society Translations" }
 @String{AMSTrans = "Amer. Math. Soc. Transl." }
 @String{BullAMS = "Bulletin of the American Mathematical Society" }
 @String{BullAMS = "Bull. Amer. Math. Soc." }
 @String{ProcAMS = "Proceedings of the American Mathematical Society" }
 @String{ProcAMS = "Proc. Amer. Math. Soc." }
 @String{TransAMS = "Transactions of the American Mathematical Society" }
 @String{TransAMS = "Trans. Amer. Math. Soc." }

 %ACM
 @String{CACM = "Communications of the {ACM}" }
 @String{CACM = "Commun. {ACM}" }
 @String{CompServ = "Comput. Surveys" }
 @String{JACM = "J. ACM" }
 @String{ACMMathSoft = "{ACM} Transactions on Mathematical Software" }
 @String{ACMMathSoft = "{ACM} Trans. Math. Software" }
 @String{SIGNUM = "{ACM} {SIGNUM} Newsletter" }
 @String{SIGNUM = "{ACM} {SIGNUM} Newslett." }

 @String{AmerSocio = "American Journal of Sociology" }
 @String{AmerStatAssoc = "Journal of the American Statistical Association" }
 @String{AmerStatAssoc = "J. Amer. Statist. Assoc." }
 @String{ApplMathComp = "Applied Mathematics and Computation" }
 @String{ApplMathComp = "Appl. Math. Comput." }
 @String{AmerMathMonthly = "American Mathematical Monthly" }
 @String{AmerMathMonthly = "Amer. Math. Monthly" }
 @String{BIT = "{BIT}" }
 @String{BritStatPsych = "British Journal of Mathematical and Statistical
          Psychology" }
 @String{BritStatPsych = "Brit. J. Math. Statist. Psych." }
 @String{CanMathBull = "Canadian Mathematical Bulletin" }
 @String{CanMathBull = "Canad. Math. Bull." }
 @String{CompApplMath = "Journal of Computational and Applied Mathematics" }
 @String{CompApplMath = "J. Comput. Appl. Math." }
 @String{CompPhys = "Journal of Computational Physics" }
 @String{CompPhys = "J. Comput. Phys." }
 @String{CompStruct = "Computers and Structures" }
 @String{CompStruct = "Comput. \& Structures" }
 @String{CompJour = "The Computer Journal" }
 @String{CompJour = "Comput. J." }
 @String{CompSysSci = "Journal of Computer and System Sciences" }
 @String{CompSysSci = "J. Comput. System Sci." }
 @String{Computing = "Computing" }
 @String{ContempMath = "Contemporary Mathematics" }
 @String{ContempMath = "Contemp. Math." }
 @String{Crelle = "Crelle's Journal" }
 @String{GiornaleMath = "Giornale di Mathematiche" }
 @String{GiornaleMath = "Giorn. Mat." } % didn't find in AMS MR., ibid.

 %IEEE
 @String{Computer = "{IEEE} Computer" }
 @String{IEEETransComp = "{IEEE} Transactions on Computers" }
 @String{IEEETransComp = "{IEEE} Trans. Comput." }
 @String{IEEETransAC = "{IEEE} Transactions on Automatic Control" }
 @String{IEEETransAC = "{IEEE} Trans. Automat. Control" }
 @String{IEEESpec = "{IEEE} Spectrum" } % didn't find in AMS MR
 @String{ProcIEEE = "Proceedings of the {IEEE}" }
 @String{ProcIEEE = "Proc. {IEEE}" } % didn't find in AMS MR
 @String{IEEETransAeroElec = "{IEEE} Transactions on Aerospace and Electronic
     Systems" }
 @String{IEEETransAeroElec = "{IEEE} Trans. Aerospace Electron. Systems" }

 @String{IMANumerAna = "{IMA} Journal of Numerical Analysis" }
 @String{IMANumerAna = "{IMA} J. Numer. Anal." }
 @String{InfProcLet = "Information Processing Letters" }
 @String{InfProcLet = "Inform. Process. Lett." }
 @String{InstMathApp = "Journal of the Institute of Mathematics and
     its Applications" }
 @String{InstMathApp = "J. Inst. Math. Appl." }
 @String{IntControl = "International Journal of Control" }
 @String{IntControl = "Internat. J. Control" }
 @String{IntNumerEng = "International Journal for Numerical Methods in
     Engineering" }
 @String{IntNumerEng = "Internat. J. Numer. Methods Engrg." }
 @String{IntSuper = "International Journal of Supercomputing Applications" }
 @String{IntSuper = "Internat. J. Supercomputing Applic." } % didn't find
%% in AMS MR
 @String{Kibernetika = "Kibernetika" }
 @String{JResNatBurStand = "Journal of Research of the National Bureau
     of Standards" }
 @String{JResNatBurStand = "J. Res. Nat. Bur. Standards" }
 @String{LinAlgApp = "Linear Algebra and its Applications" }
 @String{LinAlgApp = "Linear Algebra Appl." }
 @String{MathAnaAppl = "Journal of Mathematical Analysis and Applications" }
 @String{MathAnaAppl = "J. Math. Anal. Appl." }
 @String{MathAnnalen = "Mathematische Annalen" }
 @String{MathAnnalen = "Math. Ann." }
 @String{MathPhys = "Journal of Mathematical Physics" }
 @String{MathPhys = "J. Math. Phys." }
 @String{MathComp = "Mathematics of Computation" }
 @String{MathComp = "Math. Comp." }
 @String{MathScand = "Mathematica Scandinavica" }
 @String{MathScand = "Math. Scand." }
 @String{TablesAidsComp = "Mathematical Tables and Other Aids to Computation" }
 @String{TablesAidsComp = "Math. Tables Aids Comput." }
 @String{NumerMath = "Numerische Mathematik" }
 @String{NumerMath = "Numer. Math." }
 @String{PacificMath = "Pacific Journal of Mathematics" }
 @String{PacificMath = "Pacific J. Math." }
 @String{ParDistComp = "Journal of Parallel and Distributed Computing" }
 @String{ParDistComp = "J. Parallel and Distrib. Comput." } % didn't find
%% in AMS MR
 @String{ParComputing = "Parallel Computing" }
 @String{ParComputing = "Parallel Comput." }
 @String{PhilMag = "Philosophical Magazine" }
 @String{PhilMag = "Philos. Mag." }
 @String{ProcNAS = "Proceedings of the National Academy of Sciences
                    of the USA" }
 @String{ProcNAS = "Proc. Nat. Acad. Sci. U. S. A." }
 @String{Psychometrika = "Psychometrika" }
 @String{QuartMath = "Quarterly Journal of Mathematics, Oxford, Series (2)" }
 @String{QuartMath = "Quart. J. Math. Oxford Ser. (2)" }
 @String{QuartApplMath = "Quarterly of Applied Mathematics" }
 @String{QuartApplMath = "Quart. Appl. Math." }
 @String{RevueInstStat = "Review of the International Statisical Institute" }
 @String{RevueInstStat = "Rev. Inst. Internat. Statist." }

 %SIAM
 @String{JSIAM = "Journal of the Society for Industrial and Applied
     Mathematics" }
 @String{JSIAM = "J. Soc. Indust. Appl. Math." }
 @String{JSIAMB = "Journal of the Society for Industrial and Applied
     Mathematics, Series B, Numerical Analysis" }
 @String{JSIAMB = "J. Soc. Indust. Appl. Math. Ser. B Numer. Anal." }
 @String{SIAMAlgMeth = "{SIAM} Journal on Algebraic and Discrete Methods" }
 @String{SIAMAlgMeth = "{SIAM} J. Algebraic Discrete Methods" }
 @String{SIAMAppMath = "{SIAM} Journal on Applied Mathematics" }
 @String{SIAMAppMath = "{SIAM} J. Appl. Math." }
 @String{SIAMComp = "{SIAM} Journal on Computing" }
 @String{SIAMComp = "{SIAM} J. Comput." }
 @String{SIAMMatrix = "{SIAM} Journal on Matrix Analysis and Applications" }
 @String{SIAMMatrix = "{SIAM} J. Matrix Anal. Appl." }
 @String{SIAMNumAnal = "{SIAM} Journal on Numerical Analysis" }
 @String{SIAMNumAnal = "{SIAM} J. Numer. Anal." }
 @String{SIAMReview = "{SIAM} Review" }
 @String{SIAMReview = "{SIAM} Rev." }
 @String{SIAMSciStat = "{SIAM} Journal on Scientific and Statistical
     Computing" }
 @String{SIAMSciStat = "{SIAM} J. Sci. Statist. Comput." }

 @String{SoftPracExp = "Software Practice and Experience" }
 @String{SoftPracExp = "Software Prac. Experience" } % didn't find in AMS MR
 @String{StatScience = "Statistical Science" }
 @String{StatScience = "Statist. Sci." }
 @String{Techno = "Technometrics" }
 @String{USSRCompMathPhys = "{USSR} Computational Mathematics and Mathematical
     Physics" }
 @String{USSRCompMathPhys = "{U. S. S. R.} Comput. Math. and Math. Phys." }
 @String{VLSICompSys = "Journal of {VLSI} and Computer Systems" }
 @String{VLSICompSys = "J. {VLSI} Comput. Syst." }
 @String{ZAngewMathMech = "Zeitschrift fur Angewandte Mathematik und
     Mechanik" }
 @String{ZAngewMathMech = "Z. Angew. Math. Mech." }
 @String{ZAngewMathPhys = "Zeitschrift fur Angewandte Mathematik und Physik" }
 @String{ZAngewMathPhys = "Z. Angew. Math. Phys." }

% Publishers % ================================================= |

 @String{Academic = "Academic Press" }
 @String{ACMPress = "{ACM} Press" }
 @String{AdamHilger = "Adam Hilger" }
 @String{AddisonWesley = "Addison-Wesley" }
 @String{AllynBacon = "Allyn and Bacon" }
 @String{AMS = "American Mathematical Society" }
 @String{Birkhauser = "Birkha{\"u}ser" }
 @String{CambridgePress = "Cambridge University Press" }
 @String{Chelsea = "Chelsea" }
 @String{ClaredonPress = "Claredon Press" }
 @String{DoverPub = "Dover Publications" }
 @String{Eyolles = "Eyolles" }
 @String{HoltRinehartWinston = "Holt, Rinehart and Winston" }
 @String{Interscience = "Interscience" }
 @String{JohnsHopkinsPress = "The Johns Hopkins University Press" }
 @String{JohnWileySons = "John Wiley and Sons" }
 @String{Macmillan = "Macmillan" }
 @String{MathWorks = "The Math Works Inc." }
 @String{McGrawHill = "McGraw-Hill" }
 @String{NatBurStd = "National Bureau of Standards" }
 @String{NorthHolland = "North-Holland" }
 @String{OxfordPress = "Oxford University Press" }  %address Oxford or London?
 @String{PergamonPress = "Pergamon Press" }
 @String{PlenumPress = "Plenum Press" }
 @String{PrenticeHall = "Prentice-Hall" }
 @String{SIAMPub = "{SIAM} Publications" }
 @String{Springer = "Springer-Verlag" }
 @String{TexasPress = "University of Texas Press" }
 @String{VanNostrand = "Van Nostrand" }
 @String{WHFreeman = "W. H. Freeman and Co." }

%Entries

%
%  author        = "Patricia S. Abril and Robert Plant",
%  title         = "The patent holder's dilemma: Buy, sell, or troll?",
%  journal       = "Communications of the ACM",
%  volume        = "50",
%  number        = "1",
%  month         = jan,
%  year          = "2007",
%  pages         = "36--44",
%  doi           = "10.1145/1188913.1188915",
%  url           = "http://doi.acm.org/10.1145/1219092.1219093",
%  note          = "",
%}
@inproceedings{PROW,
author = {Waldinger, Richard J. and Lee, Richard C. T.},
title = {PROW: A Step toward Automatic Program Writing},
year = {1969},
publisher = {Morgan Kaufmann Publishers Inc.},
address = {San Francisco, CA, USA},
booktitle = {Proceedings of the 1st International Joint Conference on Artificial Intelligence},
pages = {241–252},
numpages = {12},
location = {Washington, DC},
series = {IJCAI'69}
}

@unpublished{EWD:EWD288,
   author = "Edsger W. Dijkstra",
   title = "Concern for correctness as a guiding principle for program construction",
   month = {jul},
   year = "1970",
   note = "circulated privately",
   url = "http://www.cs.utexas.edu/users/EWD/ewd02xx/EWD288.PDF",

   }
@article{Program_Syn,
author = {Manna, Zohar and Waldinger, Richard J.},
title = {Toward Automatic Program Synthesis},
year = {1971},
issue_date = {March 1971},
publisher = {Association for Computing Machinery},
address = {New York, NY, USA},
volume = {14},
number = {3},
issn = {0001-0782},
url = {https://doi.org/10.1145/362566.362568},
doi = {10.1145/362566.362568},
journal = {Commun. ACM},
month = {mar},
pages = {151–165},
numpages = {15},
}

@ARTICLE{A_Complexity_Measure,
  author={McCabe, T.J.},
  journal={IEEE Transactions on Software Engineering}, 
  title={A Complexity Measure}, 
  year={1976},
  volume={SE-2},
  number={4},
  pages={308-320},
  doi={10.1109/TSE.1976.233837}}

@INPROCEEDINGS{Automatic_analysis ,
  author={Michaelson, G.},
  booktitle={Proceedings of 1996 Australian Software Engineering Conference}, 
  title={Automatic analysis of functional program style}, 
  year={1996},
  volume={},
  number={},
  pages={38-46},
  doi={10.1109/ASWEC.1996.534121}}

@misc{Starsinic_1998, 
title={Perl Style}, 
url= {https://www.foo.be/docs/tpj/issues/vol3_3/tpj0303-0006.html}, 
journal={Perl style - the perl journal, fall 1998}, 
author={Starsinic, Kurt}, 
year={1998}} 

@inproceedings{10.5555/2667490.2667503,
author = {Whalley, Jacqueline and Kasto, Nadia},
title = {How Difficult Are Novice Code Writing Tasks? A Software Metrics Approach},
year = {2014},
isbn = {9781921770319},
publisher = {Australian Computer Society, Inc.},
address = {AUS},
booktitle = {Proceedings of the Sixteenth Australasian Computing Education Conference - Volume 148},
pages = {105–112},
numpages = {8},
keywords = {novice programmers, software metrics, assessment, code writing},
location = {Auckland, New Zealand},
series = {ACE '14}
}

@misc{GoogleEng,
  author = {Google},
  title = {eng-practices},
  year = {2014},
  publisher = {GitHub},
  journal = {GitHub repository},
  url = {https://github.com/google/eng-practices},
  commit = {27bbdae3c535252426cc71e20d4a13776d2edf11}
}

@misc{CodexRelPaper,
      title={Evaluating Large Language Models Trained on Code}, 
      author={Mark Chen and Jerry Tworek and Heewoo Jun and Qiming Yuan and Henrique Ponde de Oliveira Pinto and Jared Kaplan and Harri Edwards and Yuri Burda and Nicholas Joseph and Greg Brockman and Alex Ray and Raul Puri and Gretchen Krueger and Michael Petrov and Heidy Khlaaf and Girish Sastry and Pamela Mishkin and Brooke Chan and Scott Gray and Nick Ryder and Mikhail Pavlov and Alethea Power and Lukasz Kaiser and Mohammad Bavarian and Clemens Winter and Philippe Tillet and Felipe Petroski Such and Dave Cummings and Matthias Plappert and Fotios Chantzis and Elizabeth Barnes and Ariel Herbert-Voss and William Hebgen Guss and Alex Nichol and Alex Paino and Nikolas Tezak and Jie Tang and Igor Babuschkin and Suchir Balaji and Shantanu Jain and William Saunders and Christopher Hesse and Andrew N. Carr and Jan Leike and Josh Achiam and Vedant Misra and Evan Morikawa and Alec Radford and Matthew Knight and Miles Brundage and Mira Murati and Katie Mayer and Peter Welinder and Bob McGrew and Dario Amodei and Sam McCandlish and Ilya Sutskever and Wojciech Zaremba},
      year={2021},
      eprint={2107.03374},
      archivePrefix={arXiv},
      primaryClass={cs.LG}
}

@INPROCEEDINGS{AutoStudentScoring,
  author={Li, Zheng and Li, Liping and Wu, Yonghao and Liu, Yong and Chen, Xiang},
  booktitle={2021 16th International Conference on Computer Science & Education (ICCSE)}, 
  title={Automated Student Code Scoring by Analyzing Grammatical and Semantic Information of Code}, 
  year={2021},
  volume={},
  number={},
  pages={963-968},
  doi={10.1109/ICCSE51940.2021.9569318}}

@article{Expectation_vs_Experience, 
title={Expectation vs.&nbsp;experience: Evaluating the usability of code generation tools powered by large language models}, DOI={10.1145/3491101.3519665}, 
journal={CHI Conference on Human Factors in Computing Systems Extended Abstracts}, 
pages={1-7},
number={332},
author={Vaithilingam, Priyan and Zhang, Tianyi and Glassman, Elena L.}, 
year={2022}, 
month={Apr}} 

@inproceedings{SysEvaOfLLMofCode,
author = {Xu, Frank F. and Alon, Uri and Neubig, Graham and Hellendoorn, Vincent Josua},
title = {A Systematic Evaluation of Large Language Models of Code},
year = {2022},
isbn = {9781450392730},
publisher = {Association for Computing Machinery},
address = {New York, NY, USA},
url = {https://doi.org/10.1145/3520312.3534862},
doi = {10.1145/3520312.3534862},
booktitle = {Proceedings of the 6th ACM SIGPLAN International Symposium on Machine Programming},
pages = {1–10},
numpages = {10},
keywords = {evaluation, code language model, pretraining, open-source, code generation},
location = {San Diego, CA, USA},
series = {MAPS 2022}
}

@inproceedings{CopilotSuggestions,
author = {Nguyen, Nhan and Nadi, Sarah},
title = {An Empirical Evaluation of GitHub Copilot's Code Suggestions},
year = {2022},
isbn = {9781450393034},
publisher = {Association for Computing Machinery},
address = {New York, NY, USA},
url = {https://doi.org/10.1145/3524842.3528470},
doi = {10.1145/3524842.3528470},
booktitle = {Proceedings of the 19th International Conference on Mining Software Repositories},
pages = {1–5},
numpages = {5},
keywords = {program synthesis, codex, empirical evaluation, GitHub copilot},
location = {Pittsburgh, Pennsylvania},
series = {MSR '22}
}


@inproceedings{Codex_CS1_CS2_Test,
author = {Finnie-Ansley, James and Denny, Paul and Luxton-Reilly, Andrew and Santos, Eddie Antonio and Prather, James and Becker, Brett A.},
title = {My AI Wants to Know If This Will Be on the Exam: Testing OpenAI’s Codex on CS2 Programming Exercises},
year = {2023},
isbn = {9781450399418},
publisher = {Association for Computing Machinery},
address = {New York, NY, USA},
url = {https://doi.org/10.1145/3576123.3576134},
doi = {10.1145/3576123.3576134},
booktitle = {Proceedings of the 25th Australasian Computing Education Conference},
pages = {97–104},
numpages = {8},
keywords = {AlphaCode, machine learning, CS2, GPT-3, academic integrity, neural networks, CS1, deep learning, code generation, Codex, GitHub, algorithms, novice programming, AI, data structures, copilot, introductory programming, OpenAI, DeepMind, artificial intelligence},
location = {Melbourne, VIC, Australia},
series = {ACE '23}
}


@inproceedings{PerformanceParsonProblems,
author = {Reeves, Brent and Sarsa, Sami and Prather, James and Denny, Paul and Becker, Brett A. and Hellas, Arto and Kimmel, Bailey and Powell, Garrett and Leinonen, Juho},
title = {Evaluating the Performance of Code Generation Models for Solving Parsons Problems With Small Prompt Variations},
year = {2023},
isbn = {9798400701382},
publisher = {Association for Computing Machinery},
address = {New York, NY, USA},
url = {https://doi.org/10.1145/3587102.3588805},
doi = {10.1145/3587102.3588805},
booktitle = {Proceedings of the 2023 Conference on Innovation and Technology in Computer Science Education V. 1},
pages = {299–305},
numpages = {7},
keywords = {machine learning, code writing, academic integrity, codex, generative ai, chatgpt, artificial intelligence, copilot, computer programming, large language models, introductory programming, GPT-3, code generation, deep learning, natural language processing, neural networks, ai, openAI, GitHub, ML, CS1, novice programming},
location = {Turku, Finland},
series = {ITiCSE 2023}
}



@article{CopilotPairProgrammer,
author = {Moradi Dakhel, Arghavan and Majdinasab, Vahid and Nikanjam, Amin and Khomh, Foutse and Desmarais, Michel C. and Jiang, Zhen Ming (Jack)},
title = {GitHub Copilot AI Pair Programmer: Asset or Liability?},
year = {2023},
issue_date = {Sep 2023},
publisher = {Elsevier Science Inc.},
address = {USA},
volume = {203},
number = {C},
issn = {0164-1212},
url = {https://doi.org/10.1016/j.jss.2023.111734},
doi = {10.1016/j.jss.2023.111734},
journal = {J. Syst. Softw.},
month = {sep},
numpages = {23},
keywords = {Code completion, Language model, Testing, GitHub copilot}
}

%%%%%% Grey %%%%%%

@misc{Google_AI_2023, title={An important next step on our AI journey}, 
url={https://blog.google/technology/ai/bard-google-ai-search-updates/}, journal={Google}, 
author={Pichai, Sundar}, 
year={2023},
month={Feb}} 

@misc{Meta_2023,
publisher={Meta},
url={https://about.fb.com/news/2023/07/llama-2/}, 
journal={Meta}, year={2023}, month={Jul}} 

@misc{Sourcery_2023, 
url={https://sourcery.ai/},
journal={Sourcery},
year={2023},
month={Oct}} 

@misc{GitHub_2021, 
url={https://github.com/features/copilot}, 
journal={GitHub}, 
year={2021},
month={Oct}} 